<collection xmlns="http://www.loc.gov/MARC21/slim">
<record>
  <leader>00975nam0a2200229 i 450 </leader>
  <controlfield tag="001">IT\ICCU\CNCE\016994</controlfield>
  <controlfield tag="005">20120704000000.0</controlfield>
  <datafield tag="012" ind1=" " ind2=" ">
    <subfield code="a">o.o, e,a, rea, e;a, (C) 1571 (A)</subfield>
    <subfield code="2">fei</subfield>
  </datafield>
  <datafield tag="100" ind1=" " ind2=" ">
    <subfield code="a">19970101d1571        0itac0103    ba</subfield>
  </datafield>
  <datafield tag="101" ind1=" " ind2=" ">
    <subfield code="a">ITA</subfield>
  </datafield>
  <datafield tag="102" ind1=" " ind2=" ">
    <subfield code="a">IT</subfield>
  </datafield>
  <datafield tag="200" ind1="1" ind2=" ">
    <subfield code="a">℗La ℗deuota oratione di santa Appolonia, laqual chi la dira diuotamente essendo tormentato di dolor de denti ne sara subbito sanato</subfield>
  </datafield>
  <datafield tag="210" ind1=" " ind2=" ">
    <subfield code="e">In Roma</subfield>
    <subfield code="g">per Giouani Osmarino</subfield>
    <subfield code="h">1571</subfield>
  </datafield>
  <datafield tag="215" ind1=" " ind2=" ">
    <subfield code="a">\4! c.</subfield>
    <subfield code="d">8ʻ</subfield>
  </datafield>
  <datafield tag="620" ind1=" " ind2=" ">
    <subfield code="a">IT</subfield>
    <subfield code="d">Roma</subfield>
  </datafield>
  <datafield tag="712" ind1="0" ind2="0">
    <subfield code="a">Gigliotti, Giovanni</subfield>
    <subfield code="3">IT\ICCU\CNCT\000349</subfield>
    <subfield code="4">650</subfield>
  </datafield>
  <datafield tag="791" ind1="0" ind2="0">
    <subfield code="a">Osmarino, Giovanni</subfield>
    <subfield code="3">IT\ICCU\CNCT\002812</subfield>
    <subfield code="z">Gigliotti, Giovanni</subfield>
  </datafield>
  <datafield tag="791" ind1="0" ind2="0">
    <subfield code="a">Liliotus, Ioannes</subfield>
    <subfield code="3">IT\ICCU\CNCT\003841</subfield>
    <subfield code="z">Gigliotti, Giovanni</subfield>
  </datafield>
  <datafield tag="791" ind1="0" ind2="0">
    <subfield code="a">Osmarinus, Ioannes</subfield>
    <subfield code="3">IT\ICCU\CNCT\004878</subfield>
    <subfield code="z">Gigliotti, Giovanni</subfield>
  </datafield>
  <datafield tag="791" ind1="0" ind2="0">
    <subfield code="a">Gigliotto, Giovanni</subfield>
    <subfield code="3">IT\ICCU\CNCT\004880</subfield>
    <subfield code="z">Gigliotti, Giovanni</subfield>
  </datafield>
  <datafield tag="801" ind1=" " ind2="3">
    <subfield code="a">IT</subfield>
    <subfield code="b">ICCU</subfield>
    <subfield code="c">20201114</subfield>
  </datafield>
  <datafield tag="899" ind1=" " ind2=" ">
    <subfield code="a">Biblioteca Apostolica Vaticana. Citt ̉del Vaticano</subfield>
    <subfield code="1">EX0001</subfield>
    <subfield code="2">ZCV 01</subfield>
  </datafield>
</record>
</collection>
